@book{bozulich_how_to_play_go,
  author    = "Richard Bozulich and James Davies",
  title     = "How to Play Go: A Concise Introduction",
  publisher = "Kiseido Publishing Company",
  address   = "Chigasaki, Los Angeles, Amsterdam",
  year      = 2016
}

@book{kosugi_bozulich_38_basic_joseki,
  author    = "Kosugi Kiyoshi and Richard Bozulich",
  title     = "38 Basic Joseki",
  publisher = "Kiseido Publishing Company",
  address   = "Chigasaki, Los Angeles, Amsterdam",
  year      = 2017
}

@book{takao_shinji_21st_century_joseki_dictionary,
  author    = "Takao Shinji 9p",
  title     = "21st Century Dictionary of Basic Joseki",
  publisher = "Kiseido Publishing Company",
  address   = "Chigasaki, Los Angeles, Amsterdam",
  year      = 2010
}

@book{ishida_yoshio_basic_joseki_dictionary,
  author    = "Ishida Yoshio 9p",
  title     = "Dictionary of Basic Joseki",
  publisher = "Kiseido Publishing Company",
  address   = "Chigasaki, Los Angeles, Amsterdam",
  year      = 1998
}

@book{ikure_in_the_beginning,
  author    = "Ikuro Ishigure",
  title     = "In the Beginning --- The Opening in the Game of Go",
  publisher = "Kiseido Publishing Company",
  address   = "Chigasaki, Los Angeles, Amsterdam",
  year      = 2017
}

@book{otake_opening_theory_made_easy,
  author    = "Otake Hideo 9p",
  title     = "Opening Theory Made Easy",
  publisher = "Kiseido Publishing Company",
  address   = "Chigasaki, Los Angeles, Amsterdam",
  year      = 2020
}

@book{zeijst_bozulich_basics_of_life_and_death,
  author    = "Rob van Zeijst and Richard Bozulich",
  title     = "The Basics of Life and Death",
  publisher = "Kiseido Publishing Company",
  address   = "Chigasaki, Los Angeles, Amsterdam",
  year      = 2016
}

@misc{kiseido,
  title        = "Kiseido's Website",
  author       = "Kiseido",
  howpublished = "\href{https://www.kiseido.com}{\path{kiseido.com}}",
}

@misc{gowrite,
  title        = "Go Write 2",
  author       = "Lauri Paatero",
  howpublished = "\href{https://www.gowrite.net/GOWrite2_download.html}{\path{gowrite.net/GOWrite2_download.html}}",
}

@misc{kgs,
  title        = "KGS",
  author       = "William Shubert",
  howpublished = "\href{https://www.gokgs.com}{\path{gokgs.com}}",
}

@misc{fanaroio,
  title        = "fanaro.io",
  author       = "Philippe Fanaro",
  howpublished = "\href{https://fanaro.io}{\path{fanaro.io}}",
}

@misc{fanaro_youtube,
  title        = "YouTube de Philippe Fanaro",
  author       = "Philippe Fanaro",
  howpublished = "\href{https://youtube.com/c/PhilippeFanaro}{\path{youtube.com/c/PhilippeFanaro}}",
}

@misc{fanaro_twitch,
  title        = "Twitch do Philippe Fanaro",
  author       = "Philippe Fanaro",
  howpublished = "\href{https://twitch.tv/fanaro009}{\path{twitch.tv/fanaro009}}",
}

@misc{fanaro_email,
  title        = "Email de Philippe Fanaro",
  author       = "Philippe Fanaro",
  howpublished = "\href{mailto:philippefanaro@gmail.com}{\emph{philippefanaro@gmail.com}}",
}

@misc{brasil_nihon_kiin,
  title        = "Brasil Nihon Kiin",
  author       = "Brasil Nihon Kiin",
  howpublished = "\href{https://nihonkiin.com.br}{\path{nihonkiin.com.br}}",
}

@misc{facebook_go_brasil,
  title        = "Grupo Go Brasil no Facebook",
  author       = "Grupo Go Brasil no Facebook",
  howpublished = "\href{https://facebook.com/groups/gobrasil}{\path{facebook.com/groups/gobrasil}}",
}